@ARTICLE{waltz2015quantified, 
author={Waltz, E.}, 
journal={Spectrum, IEEE}, 
title={The quantified olympian}, 
year={2015}, 
month={June}, 
volume={52}, 
pages={44-45}, 
keywords={Accelerometers;Biomedical monitoring;Biometrics (access control);Injuries;Sensors;Training;Wearable computing}, 
ISSN={0018-9235},}


@article{mertz2013technology,
  title={Technology comes to the playing field: new world of sports promises fewer injuries, better performance.},
  author={Mertz, Leslie},
  journal={IEEE pulse},
  volume={4},
  pages={12--17},
  year={2013}
}


@article{urry1999plantar,
  title={Plantar pressure-measurement sensors},
  author={Urry, Stephen},
  journal={Measurement Science and Technology},
  volume={10},
  pages={R16},
  year={1999},
  publisher={IOP Publishing}
}


@article{abdul2012foot, 
  title={Foot plantar pressure measurement system: a review},
  author={Abdul Razak, Abdul Hadi and Zayegh, Aladin and Begg, Rezaul K and Wahab, Yufridin},
  journal={Sensors},
  volume={12},
  pages={9884--9912},
  year={2012},
  publisher={Molecular Diversity Preservation International}
}


@article{shu2010shoe,
  title={In-shoe plantar pressure measurement and analysis system based on fabric pressure sensing array},
  author={Shu, Lin and Hua, Tao and Wang, Yangyong and Li, Qiao and Feng, David Dagan and Tao, Xiaoming},
  journal={IEEE Transactions on information technology in biomedicine},
  volume={14},
  pages={767--775},
  year={2010},
  publisher={IEEE}
}


@article{mei2014biomechanical,
  title={Biomechanical analysis of the plantar and upper pressure with different sports shoes},
  author={Mei, Qichang and Graham, Michael and Gu, Yaodong},
  journal={International Journal of Biomedical Engineering and Technology},
  volume={14},
  pages={181--191},
  year={2014},
  publisher={Inderscience Publishers Ltd}
}


@article{ostadabbas2014knowledge,
  title={A Knowledge-Based Modeling for Plantar Pressure Image Reconstruction},
  author={Ostadabbas, Sarah and Nourani, Mehrdad and Saeed, Adnan and Yousefi, Rasoul and Pompeo, Matthew},
  journal={IEEE Transactions on Biomedical Engineering},
  volume={61},
  pages={2538--2549},
  year={2014},
  publisher={IEEE}
}


@article{hills2001plantar,
  title={Plantar pressure differences between obese and non-obese adults: a biomechanical analysis.},
  author={Hills, AP and Hennig, EM and McDonald, M and Bar-Or, O},
  journal={International Journal of Obesity \& Related Metabolic Disorders},
  volume={25},
  year={2001}
}


@article{adelsberger2014effects,
  title={Effects of stretching and warm-up routines on stability and balance during weight-lifting: a pilot investigation},
  author={Adelsberger, Rolf and Tr{\"o}ster, Gerhard},
  journal={BMC research notes},
  volume={7},
  pages={1},
  year={2014},
  publisher={BioMed Central}
}

@inproceedings{liu2001foot,
  title={Foot pressure study during pulling phase of snatch lifting},
  author={Liu, Y and Chen, W},
  booktitle={ISBS-Conference Proceedings Archive},
  volume={1},
  year={2001}
}

@article{keijsers2013classification,
  title={Classification of forefoot pain based on plantar pressure measurements},
  author={Keijsers, NLW and Stolwijk, NM and Louwerens, JWK and Duysens, Jaak},
  journal={Clinical biomechanics},
  volume={28},
  pages={350--356},
  year={2013},
  publisher={Elsevier}
}

@article{liu2012mobile,  
  title={A mobile force plate and three-dimensional motion analysis system for three-dimensional gait assessment},
  author={Liu, Tao and Inoue, Yoshio and Shibata, Kyoko and Shiojima, K},
  journal={IEEE Sensors Journal},
  volume={12},
  pages={1461--1467},
  year={2012},
  publisher={IEEE}
}

@article{martinez2014embedded,
  title={Embedded sensor insole for wireless measurement of gait parameters},
  author={Mart{\'\i}nez-Mart{\'\i}, Fernando and Mart{\'\i}nez-Garc{\'\i}a, Mar{\'\i}a Sof{\'\i}a and Garc{\'\i}a-D{\'\i}az, Santiago G and Garc{\'\i}a-Jim{\'e}nez, Javier and Palma, Alberto J and Carvajal, Miguel A},
  journal={Australasian Physical \& Engineering Sciences in Medicine},
  volume={37},
  pages={25--35},
  year={2014},
  publisher={Springer}
}

@article{wertsch1992portable,
  title={A portable insole plantar pressure measurement system},
  author={Wertsch, Jacqueline J and Webster, John G and Tompkins, Willis J},
  journal={J Rehabil Res Dev},
  volume={29},
  pages={13--18},
  year={1992}
}
